@book {diamond-shurman,
    AUTHOR = {Diamond, Fred and Shurman, Jerry},
     TITLE = {A first course in modular forms},
    SERIES = {Graduate Texts in Mathematics},
    VOLUME = {228},
 PUBLISHER = {Springer-Verlag, New York},
      YEAR = {2005},
     PAGES = {xvi+436},
      ISBN = {0-387-23229-X},
   MRCLASS = {11Fxx},
  MRNUMBER = {2112196 (2006f:11045)},
MRREVIEWER = {Henri Darmon},
}

@book {darmon-book,
    AUTHOR = {Darmon, Henri},
     TITLE = {Rational points on modular elliptic curves},
    SERIES = {CBMS Regional Conference Series in Mathematics},
    VOLUME = {101},
 PUBLISHER = {Published for the Conference Board of the Mathematical
              Sciences, Washington, DC; by the American Mathematical
              Society, Providence, RI},
      YEAR = {2004},
     PAGES = {xii+129},
      ISBN = {0-8218-2868-1},
   MRCLASS = {11G40 (11F67 11F85 11G05 11G18)},
  MRNUMBER = {2020572 (2004k:11103)},
MRREVIEWER = {Chandrashekhar Khare},
}
@book {book123modforms,
    AUTHOR = {Bruinier, Jan Hendrik and van der Geer, Gerard and Harder,
              G{\"u}nter and Zagier, Don},
     TITLE = {The 1-2-3 of modular forms},
    SERIES = {Universitext},
      NOTE = {Lectures from the Summer School on Modular Forms and their
              Applications held in Nordfjordeid, June 2004,
              Edited by Kristian Ranestad},
 PUBLISHER = {Springer-Verlag, Berlin},
      YEAR = {2008},
     PAGES = {x+266},
      ISBN = {978-3-540-74117-6},
   MRCLASS = {11-06 (11F11)},
  MRNUMBER = {2385372 (2009d:11002)},
}
@incollection {diamond-im,
    AUTHOR = {Diamond, Fred and Im, John},
     TITLE = {Modular forms and modular curves},
 BOOKTITLE = {Seminar on {F}ermat's {L}ast {T}heorem ({T}oronto, {ON},
              1993--1994)},
    SERIES = {CMS Conf. Proc.},
    VOLUME = {17},
     PAGES = {39--133},
 PUBLISHER = {Amer. Math. Soc., Providence, RI},
      YEAR = {1995},
   MRCLASS = {11F11 (11F25 11G05 11G18)},
  MRNUMBER = {1357209 (97g:11044)},
}

@incollection {sage-article,
    AUTHOR = {Stein, William},
     TITLE = {Sage: creating a viable free open source alternative to
              {M}agma, {M}aple, {M}athematica, and {MATLAB}},
 BOOKTITLE = {Foundations of computational mathematics, {B}udapest 2011},
    SERIES = {London Math. Soc. Lecture Note Ser.},
    VOLUME = {403},
     PAGES = {230--238},
 PUBLISHER = {Cambridge Univ. Press, Cambridge},
      YEAR = {2013},
   MRCLASS = {65Y15},
  MRNUMBER = {3137640},
}
@book {stein-book,
    AUTHOR = {Stein, William},
     TITLE = {Modular forms, a computational approach},
    SERIES = {Graduate Studies in Mathematics},
    VOLUME = {79},
      NOTE = {With an appendix by Paul E. Gunnells},
 PUBLISHER = {American Mathematical Society, Providence, RI},
      YEAR = {2007},
     PAGES = {xvi+268},
      ISBN = {978-0-8218-3960-7; 0-8218-3960-8},
   MRCLASS = {11F11 (11-01 11F67 11Y16 11Y35)},
  MRNUMBER = {2289048 (2008d:11037)},
MRREVIEWER = {Imin Chen},
}

@book {serre-course-arithmetic,
    AUTHOR = {Serre, J.-P.},
     TITLE = {A course in arithmetic},
      NOTE = {Translated from the French,
              Graduate Texts in Mathematics, No. 7},
 PUBLISHER = {Springer-Verlag, New York-Heidelberg},
      YEAR = {1973},
     PAGES = {viii+115},
   MRCLASS = {12-02 (10CXX 10DXX)},
  MRNUMBER = {0344216 (49 \#8956)},
}

@book {cremona-book,
    AUTHOR = {Cremona, J. E.},
     TITLE = {Algorithms for modular elliptic curves},
   EDITION = {Second},
 PUBLISHER = {Cambridge University Press, Cambridge},
      YEAR = {1997},
     PAGES = {vi+376},
      ISBN = {0-521-59820-6},
   MRCLASS = {11G05 (11F11 11F25 11G40 14G25)},
  MRNUMBER = {1628193 (99e:11068)},
MRREVIEWER = {Joseph H. Silverman},
}